<record><leader>00000cas a2200000 a 4500</leader><controlfield tag="001">10185989</controlfield><controlfield tag="008">831203d18151821ohuwr ne      0    0eng c</controlfield><datafield ind1=" " ind2=" " tag="010"><subfield code="a">sn 83035626 </subfield></datafield><datafield ind1=" " ind2=" " tag="040"><subfield code="a">NPY</subfield><subfield code="b">eng</subfield><subfield code="c">NPY</subfield><subfield code="d">NPV</subfield><subfield code="d">NPX</subfield><subfield code="d">DLC</subfield><subfield code="d">ONP</subfield><subfield code="d">KNP</subfield><subfield code="d">YOX</subfield><subfield code="d">CNK</subfield><subfield code="d">NVF</subfield><subfield code="d">NVK</subfield><subfield code="d">NVF</subfield><subfield code="d">OCL</subfield><subfield code="d">IUL</subfield><subfield code="d">DLC</subfield><subfield code="d">OCLCQ</subfield><subfield code="d">IUL</subfield><subfield code="d">OCLCG</subfield><subfield code="d">KRTAS</subfield><subfield code="d">CUI</subfield><subfield code="d">DLC</subfield><subfield code="d">OCLCQ</subfield><subfield code="d">OCLCF</subfield></datafield><datafield ind1="1" ind2=" " tag="029"><subfield code="a">AU@</subfield><subfield code="b">000003061813</subfield></datafield><datafield ind1=" " ind2=" " tag="042"><subfield code="a">pcc</subfield></datafield><datafield ind1=" " ind2=" " tag="043"><subfield code="a">n-us-oh</subfield></datafield><datafield ind1="0" ind2="0" tag="050"><subfield code="a">Newspaper</subfield></datafield><datafield ind1=" " ind2="4" tag="050"><subfield code="a">AN</subfield></datafield><datafield ind1="0" ind2="4" tag="245"><subfield code="a">The Scioto gazette and Fredonian chronicle.</subfield></datafield><datafield ind1=" " ind2=" " tag="260"><subfield code="a">Chillicothe [Ohio] :</subfield><subfield code="b">J. Bailhache</subfield></datafield><datafield ind1=" " ind2=" " tag="300"><subfield code="a">v.</subfield></datafield><datafield ind1=" " ind2=" " tag="310"><subfield code="a">Weekly</subfield></datafield><datafield ind1="1" ind2=" " tag="362"><subfield code="a">Began with Aug. 10, 1815 issue.</subfield></datafield><datafield ind1="0" ind2=" " tag="362"><subfield code="a">-new ser., v. 6, no. 27 (Feb. 15, 1821).</subfield></datafield><datafield ind1=" " ind2=" " tag="500"><subfield code="a">Publishers: John Bailhache, 1815-Sept. 25, 1818; John Scott, Oct. 2, 1818-Apr. 9, 1891; Bailhache &amp; Scott, Apr. 16, 1819-1821.</subfield></datafield><datafield ind1=" " ind2=" " tag="500"><subfield code="a">References: Brigham, C.S. Amer. newspapers, p. 786.</subfield></datafield><datafield ind1=" " ind2=" " tag="515"><subfield code="a">Numbering is irregular: -new ser., v. 4, no. 10 (Oct. 23, 1818); v. 19, no. 12 (Oct. 30, 1818)-new ser., v. 19, no. 52, (Aug. 13, 1819); new ser., v. 5, no. 1 (Aug. 20, 1819)-new ser., v. 6, no. 27 (Feb. 15, 1821).</subfield></datafield><datafield ind1=" " ind2=" " tag="515"><subfield code="a">Vols. for &lt;Sept. 21, 1815&gt;-Feb. 15, 1821 also called whole no. &lt;781&gt;-1062.</subfield></datafield><datafield ind1=" " ind2=" " tag="530"><subfield code="a">Available on microfilm from Microfilm Corp., Cleveland, Ohio.</subfield></datafield><datafield ind1=" " ind2=" " tag="580"><subfield code="a">Formed by the union of: Scioto gazette (Chillicothe, Ross County, Ohio : 1801); and: Fredonian (Chillicothe, Ross County, Ohio : 1811); merged with: Supporter (Chillicothe, Ross County, Ohio); to form: Supporter and Scioto gazette.</subfield></datafield><datafield ind1=" " ind2=" " tag="588"><subfield code="a">Description based on: New ser., v. 1, no. 2 (Aug. 17, 1815).</subfield></datafield><datafield ind1=" " ind2="0" tag="651"><subfield code="a">Chillicothe (Ross County, Ohio)</subfield><subfield code="v">Newspapers.</subfield></datafield><datafield ind1=" " ind2="0" tag="651"><subfield code="a">Ross County (Ohio)</subfield><subfield code="v">Newspapers.</subfield></datafield><datafield ind1=" " ind2="7" tag="655"><subfield code="a">Newspapers.</subfield><subfield code="2">fast</subfield><subfield code="0">(OCoLC)fst01423814</subfield></datafield><datafield ind1=" " ind2="7" tag="651"><subfield code="a">Ohio</subfield><subfield code="z">Chillicothe (Ross County)</subfield><subfield code="2">fast</subfield><subfield code="0">(OCoLC)fst01312400</subfield></datafield><datafield ind1=" " ind2="7" tag="651"><subfield code="a">Ohio</subfield><subfield code="z">Ross County.</subfield><subfield code="2">fast</subfield><subfield code="0">(OCoLC)fst01213452</subfield></datafield><datafield ind1="1" ind2=" " tag="700"><subfield code="a">Bailhache, John,</subfield><subfield code="d">1787-1857.</subfield></datafield><datafield ind1="1" ind2=" " tag="700"><subfield code="a">Scott, John,</subfield><subfield code="d">1783?-1832.</subfield></datafield><datafield ind1=" " ind2=" " tag="752"><subfield code="a">United States</subfield><subfield code="b">Ohio</subfield><subfield code="c">Ross</subfield><subfield code="d">Chillicothe.</subfield></datafield><datafield ind1="0" ind2="8" tag="776"><subfield code="i">Online version:</subfield><subfield code="t">Scioto gazette and Fredonian chronicle (Online)</subfield><subfield code="w">(OCoLC)680295684</subfield></datafield><datafield ind1="1" ind2="4" tag="780"><subfield code="t">Scioto gazette (Chillicothe, Ross County, Ohio : 1801)</subfield><subfield code="w">(DLC)sn 83045185</subfield><subfield code="w">(OCoLC)2267563</subfield></datafield><datafield ind1="1" ind2="4" tag="780"><subfield code="t">Fredonian (Chillicothe, Ross County, Ohio : 1811)</subfield><subfield code="w">(DLC)sn 83035624</subfield><subfield code="w">(OCoLC)10185921</subfield></datafield><datafield ind1="1" ind2="7" tag="785"><subfield code="t">Supporter (Chillicothe, Ross County, Ohio)</subfield><subfield code="w">(DLC)sn 83035627</subfield><subfield code="w">(OCoLC)10186009</subfield></datafield><datafield ind1="1" ind2="7" tag="785"><subfield code="t">Supporter and Scioto gazette</subfield><subfield code="w">(DLC)sn 83035628</subfield><subfield code="w">(OCoLC)10186033</subfield></datafield><datafield ind1=" " ind2=" " tag="938"><subfield code="a">Kirtas Technologies, Inc.</subfield><subfield code="b">KRTS</subfield><subfield code="n">737932</subfield></datafield></record>